% copied from a different paper at the same conference:
% @inproceedings{McCanne:1993:BPF:1267303.1267305,
@inproceedings{haahr,
 author = {Haahr, Paul and Rakitzis, Byron},
 title = {Es: A shell with higher-order functions},
 booktitle = {Proceedings of the USENIX Winter 1993 Conference Proceedings on USENIX Winter 1993 Conference Proceedings},
 series = {USENIX'93},
 year = {1993},
 location = {San Diego, California},
 pages = {53--62},
 numpages = {10},
 url = {ftp://ftp.sys.utoronto.ca/pub/es/usenix-w93.ps.Z},
 % acmid = {1267305},
 publisher = {USENIX Association},
 address = {Berkeley, CA, USA},
}










%%%%%%%%% examples from matthias %%%%%%%%%%%%%%
% @inproceedings{Springer:2018:ICD:3178433.3178439,
%  author = {Springer, Matthias and Masuhara, Hidehiko},
%  title = {Ikra-Cpp: A C++/CUDA DSL for Object-Oriented Programming with Structure-of-Arrays Layout},
%  series = {WPMVP~'18},
%  year = {2018},
%  isbn = {978-1-4503-5646-6},
%  location = {Vienna, Austria},
%  pages = {6:1--6:9},
%  articleno = {6},
%  numpages = {9},
%  acmid = {3178439},
%  publisher = {ACM},
%  address = {New York, NY, USA},
%  keywords = {C++, CUDA, Object-oriented Programming, SIMD, Structure of Arrays, Template Metaprogramming},
% } 
% 
% @inproceedings{Luo:2010:EGI:1837274.1837289,
%  author = {Luo, Lijuan and Wong, Martin and Hwu, Wen-mei},
%  title = {An Effective GPU Implementation of Breadth-first Search},
%  series = {DAC '10},
%  year = {2010},
%  isbn = {978-1-4503-0002-5},
%  location = {Anaheim, California},
%  pages = {52--55},
%  numpages = {4},
%  acmid = {1837289},
%  publisher = {ACM},
%  address = {New York, NY, USA},
%  keywords = {BFS, CUDA, GPU computing},
% } 
% 
% @inproceedings{Hong:2011:ACG:1941553.1941590,
%  author = {Hong, Sungpack and Kim, Sang Kyun and Oguntebi, Tayo and Olukotun, Kunle},
%  title = {Accelerating CUDA Graph Algorithms at Maximum Warp},
%  series = {PPoPP '11},
%  year = {2011},
%  isbn = {978-1-4503-0119-0},
%  location = {San Antonio, TX, USA},
%  pages = {267--276},
%  numpages = {10},
%  acmid = {1941590},
%  publisher = {ACM},
%  address = {New York, NY, USA},
%  keywords = {cuda, gpgpu, parallel graph algorithms},
% } 
% 
% @article{Merrill:2015:HSG:2737841.2717511,
%  author = {Merrill, Duane and Garland, Michael and Grimshaw, Andrew},
%  title = {High-Performance and Scalable GPU Graph Traversal},
%  journal = {ACM Trans. Parallel Comput.},
%  issue_date = {January 2015},
%  volume = {1},
%  number = {2},
%  month = feb,
%  year = {2015},
%  issn = {2329-4949},
%  pages = {14:1--14:30},
%  articleno = {14},
%  numpages = {30},
%  acmid = {2717511},
%  publisher = {ACM},
%  address = {New York, NY, USA},
%  keywords = {Breadth-first search, GPU, graph algorithms, graph traversal, parallel algorithms, prefix sum, sparse graphs},
% } 
% 
% @ARTICLE{4490127, 
% author={John D. Owens and Mike Houston and David Luebke and Simon Green and John E. Stone and James C. Phillips}, 
% journal={Proceedings of the IEEE}, 
% title={GPU Computing}, 
% year={2008}, 
% volume={96}, 
% number={5}, 
% pages={879--899}, 
% keywords={computer graphic equipment;microcomputers;parallel programming;GPU computing;computational biophysics;game physics;general-purpose computing;graphics engine;graphics processing unit;high-performance computer system;memory bandwidth;microprocessor;parallel computing;parallel programmable processor;peak arithmetic;programming model;Arithmetic;Bandwidth;Central Processing Unit;Computational biophysics;Engines;Graphics;Hardware;Microprocessors;Performance gain;Physics computing;GPU computing;General-purpose computing on the graphics processing unit (GPGPU);parallel computing}, 
% ISSN={0018-9219}, 
% month={May},}
% 
% @inproceedings{45381,
% title = {TensorFlow: A system for large-scale machine learning},
% author  = {Martin Abadi and Paul Barham and Jianmin Chen and Zhifeng Chen and Andy Davis and Jeffrey Dean and Matthieu Devin and Sanjay Ghemawat and Geoffrey Irving and Michael Isard and Manjunath Kudlur and Josh Levenberg and Rajat Monga and Sherry Moore and Derek G. Murray and Benoit Steiner and Paul Tucker and Vijay Vasudevan and Pete Warden and Martin Wicke and Yuan Yu and Xiaoqiang Zheng},
% year  = {2016},
% booktitle = {12th USENIX Symposium on Operating Systems Design and Implementation (OSDI 16)},
% pages = {265--283}
% }
% 
% @INPROCEEDINGS{5192895, 
% author={David Strippgen and Kai Nagel}, 
% series={HPCS '09}, 
% title={Multi-agent traffic simulation with CUDA}, 
% year={2009}, 
% volume={}, 
% number={}, 
% pages={106--114}, 
% keywords={computer graphic equipment;computer graphics;multi-agent systems;traffic engineering computing;CUDA;graphics device;graphics processing unit;multiagent traffic simulation;random memory access;transport simulation;Computational modeling;Computer architecture;Data structures;Genetic algorithms;Graphics;Hardware;Large-scale systems;Telecommunication traffic;Traffic control;Yarn;CUDA;GPGPU;GPU;large-scale simulation;multi agent simulation;multi-core}, 
% ISSN={}, 
% publisher = {IEEE},
% month={June},}
% 
% @inproceedings{Zhang:2011:OED:1950365.1950408,
%  author = {Zhang, Eddy Z. and Jiang, Yunlian and Guo, Ziyu and Tian, Kai and Shen, Xipeng},
%  title = {On-the-fly Elimination of Dynamic Irregularities for GPU Computing},
%  series = {ASPLOS XVI},
%  year = {2011},
%  isbn = {978-1-4503-0266-1},
%  location = {Newport Beach, California, USA},
%  pages = {369--380},
%  numpages = {12},
%  acmid = {1950408},
%  publisher = {ACM},
%  address = {New York, NY, USA},
%  keywords = {cpu-gpu pipelining, data transformation, gpgpu, memory coalescing, thread data remapping, thread divergence},
% } 
% 
% @InProceedings{10.1007/978-3-540-77220-0_21,
% author="Harish, Pawan
% and Narayanan, P. J.",
% title="Accelerating Large Graph Algorithms on the GPU Using CUDA",
% booktitle="High Performance Computing -- HiPC 2007",
% year="2007",
% publisher="Springer Berlin Heidelberg",
% address="Berlin, Heidelberg",
% pages="197--208",
% isbn="978-3-540-77220-0"
% }
% 
% @article{HOMANN2018325,
% title = "SoAx: A generic C++ Structure of Arrays for handling particles in HPC codes",
% journal = "Computer Physics Communications",
% volume = "224",
% pages = "325--332",
% year = "2018",
% issn = "0010-4655",
% author = "Holger Homann and Francois Laenen",
% keywords = "C++, Heterogeneous data, Template metaprogramming, Generic programming"
% }%       
% 
% @incollection{Strzodka2012429,
% title = "Chapter 31 - Abstraction for AoS and SoA Layout in C++",
% booktitle = "GPU Computing Gems Jade Edition",
% publisher = "Morgan Kaufmann",
% edition = "",
% year = "2012",
% pages = "429--441",
% series = "Applications of GPU Computing Series",
% isbn = "978-0-12-385963-1",
% author = "Robert Strzodka",
% }
% 
% @INPROCEEDINGS{6339601, 
% author={Matt Pharr and William R. Mark}, 
% booktitle={Innovative Parallel Computing}, 
% title={ispc: A SPMD compiler for high-performance CPU programming}, 
% year={2012}, 
% volume={}, 
% number={}, 
% pages={1--13},  
% isbn={978-1-4673-2633-9}, 
% month={May},
% publisher={IEEE},
% }
% 
% @article{nagel_schrecken,
%   author = {{Kai Nagel} and {Michael Schreckenberg}},
%   title = {A cellular automaton model for freeway traffic},
%   journal = {J. Phys. I France},
%   year = 1992,
%   volume = 2,
%   number = 12,
%   pages = "2221--2229",
%   month = "",
% }
% 
% @INPROCEEDINGS{nagelgpu1,
%    author = {Pavol Kor{\v{c}}ek and Luk{\'{a}}{\v{s}} Sekanina and Otto
%   Fu{\v{c}}{\'{i}}k},
%    title = {Cellular automata based traffic simulation accelerated on
%   GPU},
%    pages = {395--402},
%    booktitle = {Proceedings of the 17th International Conference on Soft
%   Computing (MENDEL2011)},
%    year = {2011},
%    location = {Brno, CZ},
%    publisher = {Institute of Automation and Computer Science FME BUT},
%    ISBN = {978-80-214-4302-0},
%    language = {english},
% }
% 
% @article{BOEING2017126,
% title = "OSMnx: New methods for acquiring, constructing, analyzing, and visualizing complex street networks",
% journal = "Computers, Environment and Urban Systems",
% volume = "65",
% pages = "126--139",
% year = "2017",
% issn = "0198-9715",
% author = "Geoff Boeing",
% keywords = "Street network, Urban form, Urban design, Transportation, Resilience, OpenStreetMap, GIS, Complex networks, Visualization, Python"
% }%    
% 
% @article{doi:10.3141/2003-05,
% author = {David Charypar and Kay Axhausen and Kai Nagel},
% title = {Event-Driven Queue-Based Traffic Flow Microsimulation},
% journal = {Transportation Research Record: Journal of the Transportation Research Board},
% volume = {2003},
% number = {},
% pages = {35--40},
% year = {2007},
%     abstract = { Simulating traffic flow is an important problem in transport planning. The most popular simulation approaches for large-scale scenarios today are aggregated models. Unfortunately, these models lack temporal and spatial resolution. But microsimulations are interesting for traffic flow simulation, as they can accurately simulate features requiring both high temporal and high spatial resolution, including traffic jams and peak periods. However, most microscopic approaches involve high computational costs and expensive large computers to run them within a reasonable time. This work presents possibilities for reducing these costs by using a queue-based model and an event-driven approach jointly. The approach makes it possible to run large-scale scenarios with more than 1 million simulated person-days on networks with 10,000 links in less than 10 min on single CPU desktop computers present in most offices today. }
% }
% 
% @inproceedings{Lee:2017:LOO:3038228.3038236,
%  author = {Lee, Andrew S. D. and Abdelrahman, Tarek S.},
%  title = {Launch-Time Optimization of OpenCL GPU Kernels},
%  booktitle = {Proceedings of the General Purpose GPUs},
%  series = {GPGPU-10},
%  year = {2017},
%  isbn = {978-1-4503-4915-4},
%  location = {Austin, TX, USA},
%  pages = {32--41},
%  numpages = {10},
%  acmid = {3038236},
%  publisher = {ACM},
%  address = {New York, NY, USA},
%  keywords = {GPUs, OpenCL compilation, code re-writing, compiler optimizations},
% } 
% 
% @inproceedings{Malewicz:2010:PSL:1807167.1807184,
%  author = {Malewicz, Grzegorz and Austern, Matthew H. and Bik, Aart J.C and Dehnert, James C. and Horn, Ilan and Leiser, Naty and Czajkowski, Grzegorz},
%  title = {Pregel: A System for Large-scale Graph Processing},
%  series = {SIGMOD '10},
%  year = {2010},
%  isbn = {978-1-4503-0032-2},
%  location = {Indianapolis, Indiana, USA},
%  pages = {135--146},
%  numpages = {12},
%  acmid = {1807184},
%  publisher = {ACM},
%  address = {New York, NY, USA},
%  keywords = {distributed computing, graph algorigthms},
% } 
% 
% @ARTICLE{2005physics...7127M,
%    author = {{Maerivoet}, Sven and {De Moor}, Bart},
%     title = "{Transportation Planning and Traffic Flow Models}",
%   journal = {ArXiv Physics e-prints},
%    eprint = {physics/0507127},
%  keywords = {Physics and Society},
%      year = 2005,
%     month = jul
% }
% 
% @article{DBLP:journals/corr/abs-0810-1355,
%   author    = {Jure Leskovec and
%                Kevin J. Lang and
%                Anirban Dasgupta and
%                Michael W. Mahoney},
%   title     = {Community Structure in Large Networks: Natural Cluster Sizes and the
%                Absence of Large Well-Defined Clusters},
%   journal   = {CoRR},
%   volume    = {abs/0810.1355},
%   year      = {2008},
%   archivePrefix = {arXiv},
%   eprint    = {0810.1355},
% }
% 
% @inproceedings{Proulx:1998:TSC:273133.273160,
%  author = {Proulx, Viera K.},
%  title = {Traffic Simulation: A Case Study for Teaching Object Oriented Design},
%  series = {SIGCSE '98},
%  year = {1998},
%  isbn = {0-89791-994-7},
%  location = {Atlanta, Georgia, USA},
%  pages = {48--52},
%  numpages = {5},
%  acmid = {273160},
%  publisher = {ACM},
%  address = {New York, NY, USA},
% } 
% 
% @inproceedings{Strippgen:2009:UCG:1537614.1537693,
%  author = {Strippgen, David and Nagel, Kai},
%  title = {Using Common Graphics Hardware for Multi-agent Traffic Simulation with CUDA},
%  series = {Simutools '09},
%  year = {2009},
%  isbn = {978-963-9799-45-5},
%  location = {Rome, Italy},
%  pages = {62:1--62:8},
%  articleno = {62},
%  numpages = {8},
%  acmid = {1537693},
%  publisher = {ICST},
%  address = {Brussels, Belgium},
% } 
% 
% @article{doi:10.1142/S0129183197000904,
% author = {Esser, J\"org and Schreckenberg, Michael},
% title = {Microscopic Simulation of Urban Traffic Based on Cellular Automata},
% journal = {Int. J. Mod. Phys. C},
% volume = {08},
% number = {05},
% pages = {1025--1036},
% year = {1997},
% }
% 
% @InProceedings{10.1007/978-1-4471-1281-5_17,
% author="Wahle, Joachim
% and Esser, J{\"o}rg
% and Neubert, Lutz
% and Schreckenberg, Michael",
% title="A Cellular Automaton Traffic Flow Model for Online-Simulation of Urban Traffic",
% booktitle="Cellular Automata: Research Towards Industry",
% year="1998",
% publisher="Springer",
% address="London",
% pages="185--193",
% isbn="978-1-4471-1281-5"
% }
% 
% @article{WAHLE2001719,
% title = "A cellular automaton traffic flow model for online simulation of traffic",
% journal = "Parallel Computing",
% volume = "27",
% number = "5",
% pages = "719--735",
% year = "2001",
% note = "Cellular automata: From modeling to applications",
% issn = "0167-8191",
% author = "Joachim Wahle and Lutz Neubert and J{\"o}rg Esser and Michael Schreckenberg",
% keywords = "Online simulation, Cellular automata, Traffic flow, Intelligent transportation systems (ITS)"
% }
% 
% @INPROCEEDINGS{6498541, 
% author={Nuno Faria and Rui Silva and Jo{\~a}o L. Sobral}, 
% booktitle={2013 21st Euromicro International Conference on Parallel, Distributed, and Network-Based Processing}, 
% title={Impact of Data Structure Layout on Performance}, 
% year={2013}, 
% volume={}, 
% number={}, 
% pages={116--120}, 
% keywords={C++ language;Java;data structures;molecular dynamics method;multiprocessing systems;parallel processing;storage management;C++ STL collections;Java language;application scalability;data collections;data structure layout impact;memory bottleneck;memory references;molecular dynamics simulation case study;multicore systems;parallel applications;reference optimisation locality impact;Arrays;Benchmark testing;Java;Layout;Multicore processing;Scalability;Java;collections;locality;multicore}, 
% ISSN={1066-6192}, 
% month={Feb},
% publisher="IEEE",}
% 
% @misc{mharriscuda,
%     author = "Mark Harris",
%     title = "Optimizing {CUDA}",
%     note = "Supercomputing Tutorial" ,
%     year=2007,
% }
% 
% @article{Nickolls:2008:SPP:1365490.1365500,
%  author = {Nickolls, John and Buck, Ian and Garland, Michael and Skadron, Kevin},
%  title = {Scalable Parallel Programming with CUDA},
%  journal = {Queue},
%  issue_date = {March/April 2008},
%  volume = {6},
%  number = {2},
%  month = mar,
%  year = {2008},
%  issn = {1542-7730},
%  pages = {40--53},
%  numpages = {14},
%  acmid = {1365500},
%  publisher = {ACM},
%  address = {New York, NY, USA},
% } 
% 
% @InProceedings{10.1007/978-3-662-48096-0_21,
% author="Kofler, Klaus
% and Cosenza, Biagio
% and Fahringer, Thomas",
% title="Automatic Data Layout Optimizations for {GPU}s",
% booktitle="Euro-Par 2015: Parallel Processing",
% year="2015",
% publisher="Springer Berlin Heidelberg",
% address="Berlin, Heidelberg",
% pages="263--274",
% isbn="978-3-662-48096-0"
% }
% 
% @inproceedings{Weber:2014:ACA:2855568.2855580,
%  author = {Weber, Nicolas and Goesele, Michael},
%  title = {Auto-tuning Complex Array Layouts for GPUs},
%  series = {PGV '14},
%  year = {2014},
%  isbn = {978-3-905674-59-0},
%  location = {Swansea, Wales, United Kingdom},
%  pages = {57--64},
%  numpages = {8},
%  acmid = {2855580},
%  publisher = {Eurographics Association},
%  address = {Aire-la-Ville, Switzerland},
% } 
% 
% @inproceedings{Dolby:2000:AOI:349299.349344,
%  author = {Dolby, Julian and Chien, Andrew},
%  title = {An Automatic Object Inlining Optimization and Its Evaluation},
%  series = {PLDI '00},
%  year = {2000},
%  isbn = {1-58113-199-2},
%  location = {Vancouver, British Columbia, Canada},
%  pages = {345--357},
%  numpages = {13},
%  acmid = {349344},
%  publisher = {ACM},
%  address = {New York, NY, USA},
% } 
% 
% @inproceedings{Wimmer:2008:AAI:1356058.1356061,
%  author = {Wimmer, Christian and M\"{o}ssenb\"{o}ck, Hanspeter},
%  title = {Automatic Array Inlining in Java Virtual Machines},
%  series = {CGO '08},
%  year = {2008},
%  isbn = {978-1-59593-978-4},
%  location = {Boston, MA, USA},
%  pages = {14--23},
%  numpages = {10},
%  acmid = {1356061},
%  publisher = {ACM},
%  address = {New York, NY, USA},
%  keywords = {array inlining, garbage collection, java, just-in-time compilation, object inlining, optimization, performance},
% } 
% 
